@misc{3blue1brown_gradientdescent,
  author = {{3Blue1Brown}},
  title  = {Gradient descent, how neural networks learn | {Chapter} 2, Deep learning},
  url    = {https://www.youtube.com/watch?v=IHZwWFHWa-w},
  year   = {2017}
}
@misc{3blue1brown_neuralnetwork,
  author = {{3Blue1brown}},
  title  = {But what is a neural network? | {Chapter} 1, Deep learning},
  url    = {https://www.youtube.com/watch?v=aircAruvnKk},
  year   = {2017}
}

@book{Abu-Mostafa:2012,
  author    = {Abu-Mostafa, Yaser S. and Magdon-Ismail, Malik and Lin, Hsuan-Tien},
  isbn      = {1600490069},
  note      = {\color{Orange}Note: Good general introduction to machine learning},
  publisher = {AMLBook},
  title     = {Learning From Data},
  url       = {https://amlbook.com/},
  year      = {2012}
}

@article{Aurisano:2016jvx,
  archiveprefix = {arXiv},
  author        = {Aurisano, A. and Radovic, A. and Rocco, D. and Himmel, A. and Messier, M. D. and Niner, E. and Pawloski, G. and Psihas, F. and Sousa, A. and Vahle, P.},
  doi           = {10.1088/1748-0221/11/09/P09001},
  eprint        = {1604.01444},
  journal       = {JINST},
  pages         = {P09001},
  primaryclass  = {hep-ex},
  reportnumber  = {FERMILAB-PUB-16-082-ND},
  title         = {{A Convolutional Neural Network Neutrino Event Classifier}},
  volume        = {11},
  year          = {2016}
}

@book{Calafiura:2022,
  author    = {Calafiura, Paolo and Rousseau, David and Terao, Kazuhiro},
  doi       = {10.1142/12200},
  note      = {\color{Orange}Note: Mostly reviews of AI applications in high energy physics. Some chapters can be found for free on arXiv.},
  publisher = {World Scientific},
  title     = {Artificial Intelligence for High Energy Physics},
  year      = {2022}
}

@article{Carleo:2019ptp,
  archiveprefix = {arXiv},
  author        = {Carleo, Giuseppe and Cirac, Ignacio and Cranmer, Kyle and Daudet, Laurent and Schuld, Maria and Tishby, Naftali and Vogt-Maranto, Leslie and Zdeborov\'a, Lenka},
  doi           = {10.1103/RevModPhys.91.045002},
  eprint        = {1903.10563},
  journal       = {Rev. Mod. Phys.},
  number        = {4},
  pages         = {045002},
  primaryclass  = {physics.comp-ph},
  title         = {{Machine learning and the physical sciences}},
  volume        = {91},
  year          = {2019}
}

@book{Chollet:2021,
  author    = {Chollet, Fran{\c{c}}ois},
  edition   = {2nd edition},
  note      = {Good reference by the author of Keras; Free e-book from UCSD Library},
  publisher = {Manning},
  title     = {{Deep Learning with Python}},
  url       = {https://www.manning.com/books/deep-learning-with-python-second-edition},
  year      = {2021}
}

@article{deOliveira:2015xxd,
  archiveprefix = {arXiv},
  author        = {de Oliveira, Luke and Kagan, Michael and Mackey, Lester and Nachman, Benjamin and Schwartzman, Ariel},
  doi           = {10.1007/JHEP07(2016)069},
  eprint        = {1511.05190},
  journal       = {JHEP},
  pages         = {069},
  primaryclass  = {hep-ph},
  title         = {{Jet-images \textemdash{} deep learning edition}},
  volume        = {07},
  year          = {2016}
}

@book{Erdman:2021,
  author    = {Erdmann, Martin and Glombitza, Jonas and Kasieczka, Gregor and Klemradt, Uwe},
  doi       = {10.1142/12294},
  note      = {\color{Orange}Note: Intermediate deep learning for physics research with Jupyter notebook exercises},
  publisher = {World Scientific},
  title     = {Deep Learning for Physics Research},
  url       = {http://deeplearningphysics.org/},
  year      = {2021}
}

@misc{hbb_dataset,
  author = {{CMS Collaboration} and Javier Duarte},
  doi    = {10.7483/OPENDATA.CMS.JGJX.MS7Q},
  note   = {{CERN} Open Data Portal},
  title  = {Sample with jet, track and secondary vertex properties for {Hbb} tagging {ML} studies ({HiggsToBBNTuple\_HiggsToBB\_QCD\_RunII\_13TeV\_MC})},
  year   = 2019
}

@article{Khan:2018opv,
  archiveprefix = {arXiv},
  author        = {Khan, Asad and Huerta, E. A. and Wang, Sibo and Gruendl, Robert and Jennings, Elise and Zheng, Huihuo},
  doi           = {10.1016/j.physletb.2019.06.009},
  eprint        = {1812.02183},
  journal       = {Phys. Lett. B},
  pages         = {248},
  primaryclass  = {astro-ph.IM},
  title         = {{Deep learning at scale for the construction of galaxy catalogs in the Dark Energy Survey}},
  volume        = {795},
  year          = {2019}
}

@article{Komiske:2016rsd,
  archiveprefix = {arXiv},
  author        = {Komiske, Patrick T. and Metodiev, Eric M. and Schwartz, Matthew D.},
  doi           = {10.1007/JHEP01(2017)110},
  eprint        = {1612.01551},
  journal       = {JHEP},
  pages         = {110},
  primaryclass  = {hep-ph},
  reportnumber  = {MIT-CTP-4866, MIT-CTP 4866},
  title         = {{Deep learning in color: towards automated quark/gluon jet discrimination}},
  volume        = {01},
  year          = {2017}
}

@article{Mehta:2019,
  archiveprefix = {arXiv},
  author        = {Pankaj Mehta and Marin Bukov and Ching-Hao Wang and Alexandre G.R. Day and Clint Richardson and Charles K. Fisher and David J. Schwab},
  doi           = {10.1016/j.physrep.2019.03.001},
  eprint        = {1803.08823},
  journal       = {Phys. Rept.},
  note          = {\color{Orange}Note: Free on arXiv and oriented at physicists},
  pages         = {1},
  title         = {A high-bias, low-variance introduction to Machine Learning for physicists},
  volume        = {810},
  year          = 2019
}
@article{Moreno:2019neq,
  archiveprefix = {arXiv},
  author        = {Moreno, Eric A. and Nguyen, Thong Q. and Vlimant, Jean-Roch and Cerri, Olmo and Newman, Harvey B. and Periwal, Avikar and Spiropulu, Maria and Duarte, Javier M. and Pierini, Maurizio},
  doi           = {10.1103/PhysRevD.102.012010},
  eprint        = {1909.12285},
  journal       = {Phys. Rev. D},
  pages         = {012010},
  primaryclass  = {hep-ex},
  reportnumber  = {FERMILAB-PUB-19-492-CMS-E},
  title         = {{Interaction networks for the identification of boosted $H \to b\overline{b}$ decays}},
  volume        = {102},
  year          = {2020}
}

@article{Moreno:2021fvp,
  archiveprefix = {arXiv},
  author        = {Moreno, Eric A. and Borzyszkowski, Bartlomiej and Pierini, Maurizio and Vlimant, Jean-Roch and Spiropulu, Maria},
  doi           = {10.1088/2632-2153/ac5435},
  eprint        = {2107.12698},
  journal       = {Mach. Learn.: Sci. Technol.},
  number        = {2},
  pages         = {025001},
  primaryclass  = {gr-qc},
  title         = {{Source-agnostic gravitational-wave detection with recurrent autoencoders}},
  volume        = {3},
  year          = {2022}
}

@article{Ormiston:2020ele,
  archiveprefix = {arXiv},
  author        = {Ormiston, Rich and Nguyen, Tri and Coughlin, Michael and Adhikari, Rana X. and Katsavounidis, Erik},
  doi           = {10.1103/PhysRevResearch.2.033066},
  eprint        = {2005.06534},
  journal       = {Phys. Rev. Res.},
  pages         = {033066},
  primaryclass  = {astro-ph.IM},
  title         = {{Noise Reduction in Gravitational-wave Data via Deep Learning}},
  volume        = {2},
  year          = {2020}
}


@book{Zeljko:2014,
  author    = {Ivezic, Zeljko and Connolly, Andrew J. and VanderPlas, Jacob T. and Gray, Alexander},
  isbn      = {0691151687},
  note      = {\color{Orange}Note: machine learning applications in astronomy},
  publisher = {Princeton University Press},
  title     = {Statistics, Data Mining, and Machine Learning in Astronomy: A Practical Python Guide for the Analysis of Survey Data},
  year      = {2014}
}
@article{Zhou:2019,
  archiveprefix = {arXiv},
  author        = {Rongpu Zhou and Michael C Cooper and Jeffrey A Newman and Matthew L N Ashby and James Aird and Christopher J Conselice and Marc Davis and Aaron A Dutton and S M Faber and Jerome J Fang and G G Fazio and Puragra Guhathakurta and Dale Kocevski and David C Koo and Kirpal Nandra and Andrew C Phillips and David J Rosario and Edward F Schlafly and Jonathan R Trump and Benjamin Weiner and Christopher N A Willmer and Renbin Yan},
  doi           = {10.1093/mnras/stz1866},
  eprint        = {1903.08174},
  journal       = {Mon. Notices Royal Astron. Soc.},
  pages         = {4565},
  title         = {Deep {ugrizY} imaging and {DEEP}2/3 spectroscopy: a photometric redshift testbed for {LSST} and public release of data from the {DEEP}3 Galaxy Redshift Survey},
  volume        = {488},
  year          = 2019
}
